@article{kirchner-munoz-10,
  title={The proof monad},
  author={Kirchner, Florent and Mu{\~n}oz, C{\'e}sar},
  journal={The Journal of Logic and Algebraic Programming},
  volume={79},
  number={3},
  pages={264--277},
  year={2010},
  publisher={Elsevier}
}

@inproceedings{liang-miller-07,
  title={Focusing and polarization in intuitionistic logic},
  author={Liang, Chuck and Miller, Dale},
  booktitle={Computer Science Logic},
  pages={451--465},
  year={2007},
  organization={Springer}
}

@inproceedings{ziliani-13,
  title={Mtac: A monad for typed tactic programming in Coq},
  author={Ziliani, Beta and Dreyer, Derek and Krishnaswami, Neelakantan R and Nanevski, Aleksandar and Vafeiadis, Viktor},
  booktitle={ACM SIGPLAN Notices},
  volume={48},
  number={9},
  pages={87--100},
  year={2013},
  organization={ACM}
}

@String{msfp   = "ACM SIGPLAN Workshop on Mathematically Structured
                 Functional Programming (MSFP)"}

@inproceedings{hedges-14,
  title={Monad transformers for backtracking search},
  author={Hedges, Jules},
  booktitle = msfp,
  year={2014}
}

@inproceedings{escardo-2010,
  title={What sequential games, the Tychonoff Theorem and the double-negation shift have in common},
  author={Escard{\'o}, Martin and Oliva, Paulo},
  booktitle={Proceedings of the third ACM SIGPLAN workshop on Mathematically structured functional programming},
  pages={21--32},
  year={2010},
  organization={ACM}
}

@InCollection{linear-logic-sep,
  author       =  {Di Cosmo, Roberto and Miller, Dale},
  title        =  {Linear Logic},
  booktitle    =  {The Stanford Encyclopedia of Philosophy},
  editor       =  {Edward N. Zalta},
  howpublished =  {\url{http://plato.stanford.edu/archives/fall2010/entries/logic-linear/}},
  url          =  {http://plato.stanford.edu/archives/fall2010/entries/logic-linear/},
  year         =  {2010},
  edition      =  {Fall 2010},
}

@article{ocaml,
  title={The {OCaml} system release 4.02},
  author={Leroy, Xavier and Doligez, Damien and Frisch, Alain and Garrigue, Jacques and R{\'e}my, Didier and Vouillon, J{\'e}r{\^o}me},
  journal={Institut National de Recherche en Informatique et en Automatique},
  year={2014}
}

@inproceedings{hinze-00,
  title={Deriving backtracking monad transformers},
  author={Hinze, Ralf},
  booktitle={ACM SIGPLAN Notices},
  volume={35},
  number={9},
  pages={186--197},
  year={2000},
  organization={ACM}
}

@incollection{jones-95-,
  title={Functional programming with overloading and higher-order polymorphism},
  author={Jones, Mark P},
  booktitle={Advanced Functional Programming},
  pages={97--136},
  year={1995},
  publisher={Springer}
}
